<record><leader>00000cas a2200000 a 4500</leader><controlfield tag="001">5513997</controlfield><controlfield tag="008">791011d19711979nyuwr ne      0    0eng d</controlfield><controlfield tag="009">394</controlfield><datafield ind1=" " ind2=" " tag="010"><subfield code="a">sn 84031491 </subfield></datafield><datafield ind1=" " ind2=" " tag="040"><subfield code="a">YQR</subfield><subfield code="b">eng</subfield><subfield code="c">YQR</subfield><subfield code="d">NYG</subfield><subfield code="d">NYS</subfield><subfield code="d">OCL</subfield><subfield code="d">OCLCQ</subfield></datafield><datafield ind1="1" ind2=" " tag="029"><subfield code="a">AU@</subfield><subfield code="b">000025801579</subfield></datafield><datafield ind1=" " ind2=" " tag="032"><subfield code="a">014610</subfield><subfield code="b">USPS</subfield></datafield><datafield ind1=" " ind2=" " tag="037"><subfield code="b">WMT Publications, 274 Alexander St., Rochester, NY 14607</subfield></datafield><datafield ind1=" " ind2=" " tag="042"><subfield code="a">msc</subfield></datafield><datafield ind1="0" ind2=" " tag="130"><subfield code="a">City/east (Rochester, N.Y.)</subfield></datafield><datafield ind1="0" ind2="0" tag="245"><subfield code="a">City/east.</subfield></datafield><datafield ind1="1" ind2="3" tag="246"><subfield code="a">City east</subfield></datafield><datafield ind1=" " ind2=" " tag="260"><subfield code="a">Rochester, N.Y. :</subfield><subfield code="b">W.M.T. Pub.,</subfield><subfield code="c">1971-1979.</subfield></datafield><datafield ind1=" " ind2=" " tag="300"><subfield code="a">9 v. :</subfield><subfield code="b">ill. ;</subfield><subfield code="c">43 cm.</subfield></datafield><datafield ind1=" " ind2=" " tag="310"><subfield code="a">Weekly</subfield></datafield><datafield ind1="0" ind2=" " tag="362"><subfield code="a">1st issue (Oct. 5, 1971)-v. 9, no. 6 (Oct. 25, 1979).</subfield></datafield><datafield ind1=" " ind2="4" tag="651"><subfield code="a">Rochester (N.Y.)</subfield><subfield code="v">Newspapers.</subfield></datafield><datafield ind1=" " ind2=" " tag="752"><subfield code="a">United States</subfield><subfield code="b">New York</subfield><subfield code="c">Monroe</subfield><subfield code="d">Rochester.</subfield></datafield><datafield ind1="0" ind2="7" tag="785"><subfield code="t">City/west</subfield><subfield code="w">(DLC)sn 88074807</subfield><subfield code="w">(OCoLC)5514045</subfield></datafield><datafield ind1="0" ind2="7" tag="785"><subfield code="t">City newspaper</subfield><subfield code="w">(DLC)sn 85054398</subfield></datafield></record>